@article{boisard2020,
  title={Br{\`e}ve histoire de lâ€™Intelligence Artificielle},
  author={Boisard, Olivier},
  year={2020},
  publisher={Elsevier Masson}
}

@article{turing1950,
  author = {Turing, Alan M.},
  title = {Computing Machinery and Intelligence},
  journal = {Mind},
  volume = {59},
  number = {236},
  pages = {433--460},
  year = {1950}
}

@article{mccarthy1956,
  author = {McCarthy, John and Minsky, Marvin L. and Rochester, Nathaniel and Shannon, Claude E.},
  title = {A Proposal for the Dartmouth Summer Research Project on Artificial Intelligence},
  journal = {AI Magazine},
  volume = {27},
  number = {4},
  pages = {12--14},
  year = {1956}
}

@article{lecun2015,
  author = {LeCun, Yann and Bengio, Yoshua and Hinton, Geoffrey},
  title = {Deep Learning},
  journal = {Nature},
  volume = {521},
  number = {7553},
  pages = {436--444},
  year = {2015}
}

@article{sun2021intelligence,
  title={Intelligence artificielle en radioth{\'e}rapie: radiomique, pathomique, et pr{\'e}diction de la survie et de la r{\'e}ponse aux traitements},
  author={Sun, R and Lerousseau, M and Henry, T and Carr{\'e}, A and Leroy, A and Estienne, T and Niyoteka, S and Bockel, S and Rouyar, A and Andres, {\'E} Alvarez and others},
  journal={Cancer/Radioth{\'e}rapie},
  volume={25},
  number={6-7},
  pages={630--637},
  year={2021},
  publisher={Elsevier}
}
